<?xml version="1.0" encoding="UTF-8"?><collection xmlns="http://www.loc.gov/MARC21/slim"><record><leader>00393nam--2200169-u-4500</leader><controlfield tag="001">000051357</controlfield><controlfield tag="002">20161230</controlfield><controlfield tag="005">20161230201049</controlfield><controlfield tag="008">080704s1000------------r-----000-0-eng-d</controlfield><datafield ind1=" " ind2=" " tag="040"><subfield code="a">IFIN-HH</subfield></datafield><datafield ind1=" " ind2=" " tag="080"><subfield code="a">514.774</subfield></datafield><datafield ind1="1" ind2=" " tag="100"><subfield code="a">Boltyanskii,V.G</subfield></datafield><datafield ind1="1" ind2="0" tag="245"><subfield code="a">Tretya Problema Gilberta</subfield></datafield><datafield ind1=" " ind2=" " tag="260"><subfield code="a">Moskva</subfield><subfield code="b">Nauka</subfield><subfield code="c">1977</subfield></datafield><datafield ind1=" " ind2=" " tag="300"><subfield code="a">208 p</subfield></datafield><datafield ind1=" " ind2=" " tag="852"><subfield code="a">46128</subfield><subfield code="c">517</subfield></datafield><datafield ind1=" " ind2=" " tag="CAT"><subfield code="a">Sys</subfield><subfield code="c">20080704</subfield><subfield code="h">082344</subfield></datafield></record></collection>